<?xml version="1.0" encoding="UTF-8"?><collection xmlns="http://www.loc.gov/MARC21/slim"><record><leader>00451nam--2200145-i-4500</leader><controlfield tag="001">000025979</controlfield><controlfield tag="002">20161230</controlfield><controlfield tag="005">20161230201036</controlfield><controlfield tag="008">060222s1000------------r-----000-0-eng-d</controlfield><datafield ind1=" " ind2=" " tag="080"><subfield code="a">621.039.85:577.346</subfield></datafield><datafield ind1=" " ind2=" " tag="100"><subfield code="a">Kamen, Martin D</subfield></datafield><datafield ind1=" " ind2=" " tag="245"><subfield code="a">Isotopic tracers in biology. an introduction to tracer methodology. 3rd edition, revised</subfield></datafield><datafield ind1=" " ind2=" " tag="260"><subfield code="a">New York, Academic Press, 1957, Xii + 478p</subfield></datafield><datafield ind1=" " ind2=" " tag="490"><subfield code="a">Organic And Biological Chemistry</subfield></datafield><datafield ind1=" " ind2=" " tag="852"><subfield code="a">17871</subfield></datafield></record></collection>